
@misc{warren.weiss,
  author =	 {Warren Weiss},
  note =	 {Born 15 May 1969.  Lived in Southern New Jersey and
                  Philadelphia, PA}
}

@Misc{anne:abrahamson,
  author =	 {Anne Abrahamson},
  note =	 {Born 23 December 1907 in Canada, lived in Hammond, Indiana until 1957,
  Harrisburg, Pennsylvania, then Santa Monica, California, died 2 September  1997 in
  Santa Monica, California}
}

@Misc{jma,
  author =	 {Jeff Abrahamson},
  note =	 {Born 16 May 1965 in
  Milwaukee, Wisconsin.  Lived in Milwaukee, Boston, Paris, San Francisco,
  Philadelphia, London, and Nantes}
}

@Misc{dave.richardson,
  author =	 {Dave Richardson},
  note =	 {Born 4 April 1979 in
  Philadelphia, PA.  Lived in Philadelphia; State College, PA; and Philadelphia}
}

@Misc{paolo.dematthaeis,
  author = 	 {Paolo de Matthaeis},
  note = 	 {Born 18 July 1966.  Italian, lived in Rome, Italy,
                  and Washington, DC, USA}}

@Misc{mom,
  author =	 {Marianne Abrahamson},
  note =	 {Born 29
  February 1940 in Milwaukee, Wisconsin.  Lived in Milwaukee, Wisconsin;
  Philadelphia, Pennsylvania; Cedarburg and Sister Bay, Wisconsin, and
                  Fountain Hills, AZ}
}

@Misc{ssa,
  author =	 {Sherman Abrahamson},
  note =	 {Born 5 December
  1938 in Hammond, Indiana.  Lived in Hammond, Indiana; Philadelphia, Pennsylvania; and
  Milwaukee, Cedarburg, and Sister Bay, Wisconsin; and Fountain Hills,
                  AZ}
}

@Misc{stephane.birkle,
  author =	 {St{\'e}phane Birkle},
  note =	 {Born
  26 December 1969 in French Guyana.  Lived in French Guyana; Nantes;
  Richmond, Virginia; Paris; and London}
}

@Misc{theo.birkle,
  author =	 {Th{\'e}o Birkl{\'e}},
  note =	 {P{\`e}re de St{\`e}phane Birkl{\`e}.
  Lived in France; French Guyana; Toulouse}
}

@Misc{doerflinger,
  author = 	 {Marguerite Doerflinger},
  title = 	 {Petit Recueil de la Gastronomie Alsacienne : 75 recettes simples},
  year = 	 1977}

@Book{ebf,
  author =	 {Mollie Katzen},
  title = 	 {The Enchanted Broccoli Forest},
  publisher = 	 {Ten speed Press},
  address = 	 {Berkeley, California},
  year = 	 1982
}

@Book{moosewood,
  author =	 {Mollie Katzen},
  title = 	 {The Moosewood Cookbook},
  publisher = 	 {Ten Speed Press},
  year = 	 1977,
  address =	 {Berkeley, California}
}

@Misc{fsf-emacs,
  author =	 {Free Software Foundation},
  note =	 {From the {GNU} emacs distribution}
}

@Book{ghirardelli,
  author =	 {Phyllis Larsen},
  title = 	 {Ghirardelli Original Chocolate Cookbook},
  publisher = 	 {Mariposa Press},
  year = 	 1986,
  address =	 {Benicia, CA},
  edition =	 {Third},
  note =	 {Published by Ghirardelli Chocolate Company, 1111
                  139th Avenue, San Leandro, CA 94578.  Edited by
                  Dennis T. De{D}omenico.}
}

@Misc{mil:horwitz,
  author =	 {Mil Horwitz},
  note =	 {Born 18 August 1907 in
  Milwaukee, Wisconsin, USA, lived and died June 1987 in Milwaukee, Wisconsin}
}

@Book{joy,
  author =	 {Irma S. Rombauer and Marion Rombauer Becker},
  title = 	 {The Joy of Cooking},
  publisher = 	 {Bobbs-Merrill Company},
  year = 	 1975,
  address =	 {Indianapolis, IN},
  note = 	 {Thirtieth printing, May 1983}
}

@Misc{marty:keady,
  author =	 {Marty Keady},
  note =	 {Boston, MA}
}

@Misc{francoise:m,
  author =	 {Fran{\c c}oise Mathieu},
  note =	 {Born 25 January 2950 in Massongy (Haute Savoie), lived in
  Haute Savoie, Grenoble, Montr{\'e}al, Paris}
}

@Book{millennium,
  author =	 {Eric Tucker and John Westerdahl},
  title = 	 {The Millennium Cookbook},
  publisher = 	 {Ten Speed Press},
  year = 	 1998,
  address =	 {Berkeley, CA}
}

@Misc{nestle,
  author =	 {{Nestle Corporation}},
  note =	 {Printed for many years on the
  packaging of Nestle chocolate chips}
}

@Misc{nyt,
  key = {New York Times},
  title =	 {The {N}ew {Y}ork {T}imes}
}

@Misc{pathmark:oatmeal,
  author =	 {{Pathmark Supermarket}},
  note =	 {Cut from the
  side of a canister of rolled oats from {P}athmark supermarket},
  year = 	 {late-1980's}
}

@Misc{whole.foods.2004,
  author =	 {Whole Foods},
  year =	 2004,
  note =	 {Flier at Whole Foods supermarket}
}

@Misc{quaker:oatmeal,
  author =	 {{Quaker Oats}},
  note =	 {Cut from the
  side of a canister of rolled Quaker brand oats},
  year = 	 {1980's}
}

@Book{rosie,
  author =	 {Judy Rosenberg},
  title = 	 {Rosie's {B}akery All-Butter Fresh Cream Sugar-Packed No-Holds-Barred Baking Book},
  publisher = 	 {Workman Publishing},
  year = 	 1991,
  address =	 {New York}
}

@Misc{helen.smulevitz,
  author =	 {Helen Smulevitz},
  note =	 {born 18 July 1913, lived in Munster, Indiana}
}

@Book{still:life,
  author =	 {Mollie Katzen},
  title = 	 {Still Life with Menu},
  publisher = 	 {Ten Speed Press},
  year = 	 1988,
  address =	 {Berkeley, CA}
}

@Booklet{msm,
  title = 	 {The Things We Like to Cook},
  author =	 {From the McKenzie-Smith-Mc{C}utchan Household},
  howpublished = {photocopied},
  address =	 {Haverford, PA},
  year =	 2002
}

@Misc{unknown,
  key = {unknown},
  note =	 {Some recipes have unknown provenance}
}

@Book{veg:bistro,
  author =	 {Marlena Spieler},
  title = 	 {The Vegetarian Bistro},
  publisher = 	 {Chronicle Books},
  year = 	 1997
}

@Book{veg:entertain,
  author =	 {Diana Shaw},
  title = 	 {Vegetarian Entertaining},
  publisher = 	 {Harmony Books},
  year = 	 1991,
  address =	 {New York}
}

@Misc{ann:vc,
  author =	 {Ann Vobril-Conner},
  year =	 {1980's},
  note =	 {Somehow related
  (spouse?)  to someone at MIT's {AE$\Pi$} who had graduated by the
  early-1980's.  Told to me during a chance phone conversation in the
  early-1980's.  (She was calling someone else, I answered, but we
  chatted anyway despite the wrong number}
}

@Misc{jgv,
  author =	 {Jean-Georges Vongerichten},
  title =	 {{N}ew {Y}ork {T}imes},
  year =	 {late-1990's},
  note =	 {Chef of the Manhattan restaurants Jean Georges, Jo Jo, and Vong}
}

@Book{madison.VCfE,
  author =	 {Deborah Madison},
  title = 	 {Vegetarian Cooking for Everyone},
  publisher = 	 {Broadway Books},
  year = 	 1977,
  address =	 {New York}
}

@Misc{sadie:horwitz,
  author =	 {Sadie Horwitz},
  note =	 {Born 15 May 1883(?) Sadie Dubester, died 1 November 1965}
}

@Misc{CVF-99,
  key = {Cuisine et Vin de France},
  title =	 {Cuisine et Vin de France},
  month =	 {septembre--octobre},
  year =	 2004,
  note =	 {\#99}
}

@Misc{CVF-103,
  key = {Cuisine et Vin de France},
  title =	 {Cuisine et Vin de France},
  month =	 {avril--mai},
  year =	 2005,
  note =	 {\#103}
}

@Misc{CVF-104,
  key = {Cuisine et Vin de France},
  title =	 {Cuisine et Vin de France},
  month =        {juin--ao\^ut},
  year =         2005,
  note =	 {\#104}
}

@Misc{CVF-134,
  key = {Cuisine et Vin de France},
  title =	 {Cuisine et Vin de France},
  month =	 {juin--juillet--ao{û}t},
  year =	 2010,
  note =	 {\#134}
}

@Misc{CVF-hs-ete,
  key = {Cuisine et Vin de France},
  title =	 {Cuisine et Vin de France},
  month =        {100~recettes pour l'{été}},
  year =         2010,
  note =	 {hors s{é}rie}
}

@Misc{CVF-144,
  key = {Cuisine et Vin de France},
  title =	 {Cuisine et Vin de France},
  month =        {fevrier--mars},
  year =         2012,
  note =	 {\#144}
}

@Misc{cvf-web,
  key = 	 {Cuisine et Vin de France},
  title = 	 {Cuisine et Vin de France},
  note = 	 {web published}
}

@Misc{ghirardelli-insert,
  author =	 {Ghirardelli Chocolate Company},
  howpublished = {Inside wrapper of unsweetened chocolate bar},
  year =	 2006
}

@misc{lagasse2001pea,
  author =	 {Emeril Lagasse},
  title =	 {Minted Pea Soup},
  howpublished = {\url{http://www.foodnetwork.com/food/recipes/recipe/0,1977,FOOD_9936_14945,00.html}},
  year =	 2001,
  note =	 {Emeril Live, Easter Eats}
}

@Book{lagasse1993new-orleans,
  author =	 {Emeril Lagasse and Jessie Tirsch},
  title = 	 {New New Orleans Cooking},
  publisher = 	 {William and Morrow},
  year = 	 1993,
  note =	 {as reproduced at \url{http://www.foodnetwork.com/food/recipes/recipe/0,1977,FOOD_9936_14945,00.html}}
}

@Misc{bonappetit,
  key = {Bon Appetit Biensur},
  title = {bonappetitbiensur},
  OPThowpublished = {\url{http://bonappetitbiensur.frnace3.fr/}},
}

@Misc{jim.gladstone,
  author =	 {Jim Gladstone},
  note =	 {Born 1 March 1965 in Philadelphia, PA.  Lived in
                  Philadelphia, PA, New Haven, CT, San Francisco, CA,
                  Orlando, FL,and Paris, France.}
}

@book{mediterranean-kitchen,
  author =	 {Donna Klein},
  title = 	 {The Mediterranean Vegan Kitchen},
  publisher = 	 {HPBooks},
  year = 	 2001,
  address =	 {Penguin Group, New York}
}

@Misc{puregourmandise,
  key =		 {PureGourmandise},
  howpublished = {\url{www.PureGourmandise.com}},
  year =	 {{$\le$} 2007}
}

@misc{cuisineAZ,
  key =		 {cuisineaz},
  howpublished = {{\url{CuiisineAZ.com}}},
  year =	 {{$\le$} 2007},
}

@Misc{AdC-2008,
  author = 	 {Atelier des Chefs},
  howpublished = {\url{http://www.atelierdeschefs.co.uk/}},
  year = 	 2008}

@Misc{maison-kouign-amann,
  author = 	 {Maison du Kouign-Amann},
  howpublished = {\url{http://www.kouignamann.com/recette-kouign.html}},
  year = 	 2009}

@Misc{philippe.castelanne,
  author =       {Philippe Castelanne},
  note =         {Ma\^itre chocolatier, Nantes},
  year =         {2010}
}

@Misc{vincent.guerlais,
  author =       {Vincent Guerlais},
  note =         {Ma\^itre chocolatier, Nantes},
  year =         {2010}
}

@Misc{alain.passard,
  author = 	 {Alain Passard},
  howpublished = {\url{http://thymcitron.blogspot.com/2007/02/chaud-froid-doeuf-au-sirop-drable-et.html}},
  year = 	 {2011},
  note = 	 {Restaurant l'Arp\`ege, Paris, France},
}

@Misc{patrick:rogers,
  author = 	 {Patrick Rogers},
  note = 	 {Born 29 July 1952 in Vancouver, British Columbia.  Lived in Vancouver, Paris, and Oahu, Hawaii.}}

@Misc{valrhona,
  author = 	 {Valrhona},
  howpublished = {Valrhona website},
  month = 	 {Mai},
  year = 	 2011}

@Misc{flemming.behrendt,
  author = 	 {Flemming Behrendt},
  note = 	 {Born 23 May 1939 in Aalborg, Denmark.  Lived in Paris and Nantes, France},
}

@Misc{markus.mueller,
  author = 	 {Markus M{ü}ller},
  note = 	 {Born 28 April 1967, lived in Germany, Detroit, San Francisco, Bangkok, Cologne.}}

@Book{jean.millet,
  author = 	 {Jean Millet},
  title = 	 {P{â}tisserie},
  publisher = 	 {Hachette},
  year = 	 2000}

